5170
5170
5170
5170
5170
5170
5170
5170
5170
5170
5170
5170
5170
5170
5170
5170
5170
5170
5170
5170
5170
5170
5170
5170
5170
5170
5170
5170
5170
5170
5170
5170
5170
5170
5170
5170
5170
5170
5170
5170
5170
5170
5170
5170
5170
5170
5170
5170
5170
5170
5170
5170
5170
5170
5170
5170
5170
5170
5170
5170
5170
5170
5170
5170
5170
5170
5170
5170
5170
5170
5170
5170
5170
5170
5170
5170
5170
5170
5170
5170
5170
5170
5170
5170
5170
5170
5170
5170
5170
5170
5170
5170
5170
5170
5170
5170
5170
5170
5170
5170
5170
5170
5170
5170
5170
5170
5170
5170
5170
5170
5170
5170
5170
5170
5170
5170
5170
5170
5170
5170
5170
5170
5170
5170
5170
5170
5170
5170
5170
5170
5170
5170
5170
5170
5170
5170
5170
5170
5170
5170
5170
5170
5170
5170
5170
5170
5170
5170
5170
5170
5170
5170
5170
5170
5170
5170
5170
5170
5170
5170
5170
5170
5170
5170
5170
5170
5170
5170
5170
5170
5170
5170
5170
5170
5170
5170
5170
5170
5170
5170
5170
5170
5170
5170
5170
5170
5170
5170
5170
5170
5170
5170
5170
5170
5170
5170
5170
5170
5170
5170
5170
5170
5170
5170
5170
5170
5170
5170
5170
5170
5170
5170
5170
5170
5170
5170
5170
5170
5170
5170
5170
5170
5170
5170
5170
5170
5170
5170
5170
5170
5170
5170
5170
5170
5170
5170
5170
5170
5170
5170
5170
5170
5170
5170
5170
5170
5170
5170
5170
5170
5170
5170
5170
5170
5170
5170
5170
5170
5170
5170
5170
5170
5170
5170
5170
5170
5170
5170
5170
5170
5170
5170
5170
5170
5170
5170
5170
5170
5170
5170
5170
5170
5170
5170
5170
5170
5170
5170
5170
5170
5170
5170
5170
5170
5170
5170
5170
5170
5170
5170
5170
5170
5170
5170
5170
5170
5170
5170
5170
5170
5559
5559
5559
5559
5559
5559
5559
5559
5559
5559
5559
5559
5559
5559
5559
5559
5559
5559
5559
5559
5559
5559
5559
5559
5559
5559
5559
5559
5559
5559
5559
5559
5559
5559
5559
5559
5559
5559
5559
5559
5559
5559
5559
5559
5559
5559
5559
5559
5559
5559
5559
5559
5559
5559
5559
5559
5559
5559
5559
5559
5559
5559
5559
5559
5559
5559
5559
5559
5559
5559
5559
5559
5559
5559
5559
5559
5559
5559
5559
5559
5559
5559
5559
5559
5559
5559
5559
5559
5559
5559
5559
5559
5559
5559
5559
5559
5559
5559
5559
5559
5559
5559
5559
5559
5559
5559
5559
5559
5559
5559
5559
5559
5559
5559
5559
5559
5559
5559
5559
5559
5559
5559
5559
5559
5559
5559
5559
5559
5559
5559
5559
5559
5559
5559
5559
5559
5559
5559
5559
5559
5559
5559
5559
5559
5559
5559
5559
5559
5559
5559
5559
5559
5559
5559
5559
5559
5559
5559
5559
5559
5559
5559
5559
5559
5559
5559
5559
5559
5559
5559
5559
5559
5559
5559
5559
5559
5559
5559
5559
5559
5559
5559
5559
5559
5559
5559
5559
5559
5559
5559
5559
5559
5559
5559
5559
5559
5559
5559
5559
5559
5559
5559
5559
5559
5559
5559
5559
5559
5559
5559
5559
5559
5559
5559
5559
5559
5559
5559
5559
5559
5559
5559
5559
5559
5559
5559
5559
5559
5559
5559
5559
5559
5559
5559
5559
5559
5559
5559
5559
5559
5559
5559
5559
5559
5559
5559
5559
5559
5559
5559
5559
5559
5559
5559
5559
5559
5559
5559
5559
5559
5559
5559
5559
5559
5559
5559
5559
5559
5559
5559
5559
5559
5559
5559
5559
5559
5559
5559
5559
5559
5559
5559
5559
5559
5559
5559
5559
5559
5559
5559
5559
5559
5559
5559
5559
5559
5559
5559
5559
5559
5559
5559
5559
5559
5559
5559
1388
1388
1388
1388
1388
1388
1388
1388
1388
1388
1388
1388
1388
1388
1388
1388
1388
1388
1388
1388
1388
1388
1388
1388
1388
1388
1388
1388
1388
1388
1388
1388
1388
1388
1388
1388
1388
1388
1388
1388
1388
1388
1388
1388
1388
1388
1388
1388
1388
1388
1388
1388
1388
1388
1388
1388
1388
1388
1388
1388
1388
1388
1388
1388
1388
1388
1388
1388
1388
1388
1388
1388
1388
1388
1388
1388
1388
1388
1388
1388
1388
1388
1388
1388
1388
1388
1388
1388
1388
1388
1388
1388
1388
1388
1388
1388
1388
1388
1388
1388
1388
1388
1388
1388
1388
1388
1388
1388
1388
1388
1388
1388
1388
1388
1388
1388
1388
1388
1388
1388
1388
1388
1388
1388
1388
1388
1388
1388
1388
1388
1388
1388
1388
1388
1388
1388
1388
1388
1388
1388
1388
1388
1388
1388
1388
1388
1388
1388
1388
1388
1388
1388
1388
1388
1388
1388
1388
1388
1388
1388
1388
1388
1388
1388
1388
1388
1388
1388
1388
1388
1388
1388
1388
1388
1388
1388
1388
1388
1388
1388
1388
1388
1388
1388
1388
1388
1388
1388
1388
1388
1388
1388
1388
1388
1388
1388
1388
1388
1388
1388
1388
1388
1388
1388
1388
1388
1388
1388
1388
1388
1388
1388
1388
1388
1388
1388
1388
1388
1388
1388
1388
1388
1388
1388
1388
1388
1388
1388
1388
1388
1388
1388
1388
1388
1388
1388
1388
1388
1388
1388
1388
1388
1388
1388
1388
1388
1388
1388
1388
1388
1388
1388
1388
1388
1388
1388
1388
1388
1388
1388
1388
1388
1388
1388
1388
1388
1388
1388
1388
1388
1388
1388
1388
1388
1388
1388
1388
1388
1388
1388
1388
1388
1388
1388
1388
1388
1388
1388
1388
1388
1388
1388
1388
1388
1388
1388
1388
1388
1388
1388
1388
1293
1293
1293
1293
1293
1293
1293
1293
1293
1293
1293
1293
1293
1293
1293
1293
1293
1293
1293
1293
1293
1293
1293
1293
1293
1293
1293
1293
1293
1293
1293
1293
1293
1293
1293
1293
1293
1293
1293
1293
1293
1293
1293
1293
1293
1293
1293
1293
1293
1293
1293
1293
1293
1293
1293
1293
1293
1293
1293
1293
1293
1293
1293
1293
1293
1293
1293
1293
1293
1293
1293
1293
1293
1293
1293
1293
1293
1293
1293
1293
1293
1293
1293
1293
1293
1293
1293
1293
1293
1293
1293
1293
1293
1293
1293
1293
1293
1293
1293
1293
1293
1293
1293
1293
1293
1293
1293
1293
1293
1293
1293
1293
1293
1293
1293
1293
1293
1293
1293
1293
1293
1293
1293
1293
1293
1293
1293
1293
1293
1293
1293
1293
1293
1293
1293
1293
1293
1293
1293
1293
1293
1293
1293
1293
1293
1293
1293
1293
1293
1293
1293
1293
1293
1293
1293
1293
1293
1293
1293
1293
1293
1293
1293
1293
1293
1293
1293
1293
1293
1293
1293
1293
1293
1293
1293
1293
1293
1293
1293
1293
1293
1293
1293
1293
1293
1293
1293
1293
1293
1293
1293
1293
1293
1293
1293
1293
1293
1293
1293
1293
1293
1293
1293
1293
1293
1293
1293
1293
1293
1293
1293
1293
1293
1293
1293
1293
1293
1293
1293
1293
1293
1293
1293
1293
1293
1293
1293
1293
1293
1293
1293
1293
1293
1293
1293
1293
1293
1293
1293
1293
1293
1293
1293
1293
1293
1293
1293
1293
1293
1293
1293
1293
1293
1293
1293
1293
1293
1293
1293
1293
1293
1293
1293
1293
1293
1293
1293
1293
1293
1293
1293
1293
1293
1293
1293
1293
1293
1293
1293
1293
1293
1293
1293
1293
1293
1293
1293
1293
1293
1293
1293
1293
1293
1293
1293
1293
1293
1293
1293
1293
1293
1293
1293
1293
1293
1293
1293
1293
1293
5170
5170
5170
5170
5170
5170
5559
5559
5559
5559
5559
5559
5559
5559
5559
5559
1388
1388
1388
1388
1388
1388
1388
1388
1388
1388
1388
1388
1388
1388
1388
1293
1293
1293
1293
1293
1293
1293
80
7722
7722
7722
7722
133
133
133
133
133
80
80
80
7722
7722
7703
7703
7703
133
133
133
133
133
133
80
80
80
80
80
80
121
138
138
138
138
169
169
169
169
169
169
185
121
121
138
138
138
152
152
169
169
169
169
169
176
185
185
185
185
138
121
138
80
80
1388
1388
1388
1388
1388
1388
1388
1388
2177
1811
7440
7438
2746
2427
2938
3114
3377
2944
2759
216
216
216
216
6649
6732
6843
6964
6963
6812
6180
7184
7033
6153
6947
7072
7185
7148
5995
6065
5916
5740
7114
5828
5738
5627
5522
5526
5293
5129
5633
5401
4884
4888
4574
4391
7491
4231
5000
6457
6763
2623
2791
2795
2628
2450
2457
7153
1737
1470
1073
6912
6543
6456
6406
6316
757
6104
6316
6031
5970
1055
6217
6356
7039
6906
6757
6313
6356
6629
6489
6583
6712
1062
6991
6872
7077
1735
1848
2293
2388
3828
3830
3749
3668
3494
3405
2535
2896
3146
2969
2876
3057
3323
7308
3150
3411
3411
3581
3678
3831
6250
5791
5576
5225
5110
5865
5337
5687
5688
6210
6025
6304
6094
6447
6534
6624
5960
6227
6450
176
176
176
209
175
175
175
175
175
175
175
209
196
196
196
196
196
7707
7707
5425
6541
6314
6044
6099
5803
5587
4709
4709
4515
4515
4515
6420
6420
5628
5628
4114
216
216
216
216
216
216
216
216
216
407
7609
7609
7567
90
90
90
358
358
268
268
37
37
37
98
76
76
98
98
60
91
91
91
79
91
101
7707
7707
152
152
152
121
121
121
37
37
60
60
60
60
60
60
81
81
81
81
121
81
81
81
121
103
103
103
152
101
103
103
7707
132
132
7707
132
173
173
173
207
151
114
114
151
114
79
132
79
79
79
76
76
76
76
76
76
78
78
78
78
78
98
98
79
98
98
78
79
79
79
78
90
90
90
7531
7531
7531
7531
7531
78
78
78
78
78
78
90
90
90
90
90
90
90
90
76
76
76
76
76
121
121
121
152
152
152
175
175
175
175
176
176
176
176
185
185
185
216
216
216
216
216
216
216
216
1510
1183
804
1392
2333
1638
8042
1105
8072
7977
707
8004
583
8029
8062
364
470
334
7888
183
183
183
183
183
183
90
90
90
90
90
90
90
90
90
90
90
90
37
37
91
37
37
37
6474
6200
6084
4913
5268
5387
5328
5552
5206
5131
5247
5243
5237
5353
5438
5339
5227
3285
3547
3723
5006
5006
4890
4748
5012
4785
4856
5552
5665
5670
4500
6011
6434
5559
5559
5559
5559
5210
5539
5314
5432
598
724
724
824
5448
5451
5340
5230
5338
5235
5356
5559
5559
5559
5559
5559
5559
68
70
190
341
376
505
597
659
755
755
869
401
5186
70
5325
5556
753
503
5440
5440
5440
502
341
399
5559
5559
5559
5559
5559
5559
5559
5559
5559
5559
909
5563
5336
5170
599
573
478
436
5315
5516
5284
5311
5310
5419
5626
5168
5170
5170
5170
5170
5170
5170
5170
5170
5170
5170
5170
5170
5170
5168
5165
4928
4954
5077
5311
4924
237
4924
5170
5170
5170
5170
5170
5170
5170
5170
5170
5170
5170
5170
5170
5170
5170
5170
5170
5170
5170
5170
5170
5170
5170
5170
5170
5170
5170
5170
5170
5170
5170
348
405
480
480
510
4643
347
4961
5317
5317
5198
536
5321
5201
5392
5392
5043
5043
4537
4537
4537
4537
4735
4605
4605
4605
4735
4844
4735
4735
4735
4537
4537
4537
4537
4537
4537
5043
5043
5043
5392
5392
5392
5201
5203
3753
3588
3584
3926
3690
3505
3686
3414
5170
4939
4937
4642
112
171
4843
261
4934
222
222
222
193
261
222
260
325
299
479
404
479
510
479
510
697
632
790
1617
2396
2396
4434
839
4546
601
509
509
509
455
455
402
324
3756
5703
5057
6070
5836
5491
5481
5638
5258
5139
5055
4933
4526
4341
5291
5291
4620
4930
4620
4818
4341
4432
4578
3943
4428
4179
4014
4428
4269
4570
4188
3861
4188
4526
4891
4891
5481
5016
4439
5255
5013
5253
4439
5253
5251
3866
3604
3433
2716
662
937
1614
4101
3952
3763
3425
3076
3247
2899
2466
2398
2558
1616
1001
842
663
600
532
532
456
507
438
347
346
5544
297
5423
221
221
192
172
147
5830
5832
5527
5170
4322
7328
4431
4416
4099
4161
4326
4099
6993
5621
5378
5033
4815
4615
5265
4789
5164
5622
5399
5709
6910
6992
6874
6589
6589
6360
6222
6036
5705
5259
5599
5365
5017
6401
6539
6628
6793
5911
7150
6874
7040
6120
6795
6492
6674
6587
6585
6257
6454
6358
6357
5699
6101
5883
5803
5595
5697
5361
5474
4893
5249
5136
6247
4323
3974
3981
3731
5560
3796
3975
4074
4124
4074
4129
4217
4469
4478
4663
2841
1300
6831
6756
6582
6672
6538
874
3458
6154
6096
6398
6402
4260
4260
6504
6418
2489
7823
7823
7823
7823
7823
7860
7860
7860
7860
7860
7860
7860
7860
7860
7860
265
7780
7745
7745
269
269
24
90
90
25
25
25
25
25
25
24
77
77
97
97
129
16
7509
5
77
18
7547
54
35
35
5
7488
35
7488
7469
52
5
5
16
16
16
16
7510
100
130
99
99
7608
7608
130
131
131
131
130
100
130
102
56
38
38
38
38
38
38
38
56
23
56
23
7653
0
23
19
19
7566
7566
0
7566
19
7548
7548
7509
7548
7548
7547
18
19
18
55
77
55
55
56
100
56
56
56
80
80
80
7568
0
243
269
7530
7510
7510
7510
7531
7531
7531
7531
7531
7531
7531
7531
7531
7531
7531
7531
7510
7510
24
7510
7510
7510
7510
7510
7510
7510
7510
7531
7531
7531
7531
7531
7531
7531
24
24
24
24
24
165
165
133
164
164
7703
7703
7703
7703
102
102
102
80
80
80
80
80
7824
7824
7824
7860
7860
7860
7860
7860
7860
7860
7824
7860
7824
7860
7860
7860
7860
7860
7860
7860
7860
7860
7860
7860
7860
7860
7824
7824
7860
7822
7822
7800
7857
7859
7859
7860
7860
7823
7860
7860
7823
7860
7824
7824
7824
7824
7824
7687
7687
180
180
7687
180
180
7669
7669
7669
7669
248
243
165
165
165
165
165
165
165
165
165
199
199
199
7823
165
7823
7823
7823
7802
165
165
165
165
165
199
165
164
7701
225
7701
223
7669
223
223
225
225
225
7761
7823
7823
199
7822
199
199
199
199
199
199
7701
7701
7701
164
7687
164
131
131
90
90
90
90
90
90
90
90
90
90
90
90
90
90
90
90
90
90
90
90
90
90
76
90
90
90
90
90
90
90
90
90
90
90
90
90
90
90
90
25
25
25
25
25
4173
4088
4009
3580
4253
6567
3836
6343
6245
5851
5197
4736
4285
4118
3785
1293
1293
1293
1293
1293
1293
623
501
294
156
1899
1530
1293
1293
1900
1530
1651
1530
1293
1293
1293
1124
1293
1293
1293
1293
1293
1293
1293
1293
1293
1293
1293
1293
1293
1293
1293
1293
1293
1293
1293
1293
1146
3542
2741
2741
3540
1331
779
779
866
907
1119
2498
2051
2500
2150
1531
1121
1299
2502
1293
1293
1293
1293
1530
1533
13
1903
1913
1119
1119
866
866
866
779
691
691
625
501
2026
141
432
236
432
433
626
692
1924
868
868
1040
1388
1388
1388
1388
1388
1388
1388
1388
1388
1388
1388
1384
82
1776
1875
1660
1785
1388
1388
1388
1388
1388
1388
1388
1388
1388
1388
1388
1500
1501
1668
1414
1414
1662
1412
1302
1660
1410
210
1650
177
1291
1388
1179
1388
1388
1388
1388
1388
1388
1388
1388
1388
1388
1388
1388
1388
1388
1388
1388
1388
1180
1388
1388
1388
1388
1388
1388
1388
1388
1388
3281
3794
3974
4323
6344
6475
6344
6201
6435
3747
3317
3203
2845
5322
5085
4738
4454
4203
3462
4038
3787
3280
3785
3047
2773
2166
2263
4743
2070
4454
3878
3628
1673
1713
1450
2595
2356
2940
5854
3289
3662
3381
3120
2514
2947
2683
2757
3549
3293
3290
2945
3293
3029
3575
2511
3029
2855
2852
2353
2592
2351
2282
1957
2165
4045
4205
1713
3793
3544
3629
1824
3105
2178
2047
2155
1875
2151
197
245
282
2151
245
262
2030
329
329
303
1667
303
1790
1668
1914
1914
1670
1915
604
1500
1686
1925
1437
1818
1823
1826
1669
329
1538
1536
1300
1536
1534
513
513
545
5201
5392
5392
5043
5043
4537
4537
4537
4537
4424
5392
5203
5392
5203
5203
4605
4605
5392
5392
5392
5392
5392
5392
5043
5392
5043
5043
5043
4537
4537
4537
4537
4537
4605
4537
4605
4421
4424
5043
5043
4537
5043
4537
4537
4537
4537
4537
4537
4537
4424
5203
5392
5201
5392
5043
5392
5043
4537
5043
4537
4537
4537
4537
4424
4537
4452
3588
3588
3332
3332
3584
3245
3333
3514
3514
3694
3689
3418
3419
3589
3755
3586
3583
3583
3685
3233
3682
3408
3147
2622
3060
2789
2707
3067
2801
2981
3336
3069
3243
3760
3254
3262
3445
3441
3254
3435
3429
3423
2988
3248
2984
2900
2464
4263
2897
2893
3858
2897
3854
2710
3937
2639
2546
2458
2227
2459
2096
4254
4809
4517
1745
5051
1970
4717
3831
4078
4080
4080
3841
3920
3841
3844
4099
3174
3338
2806
2809
3855
3698
3072
3251
3167
3170
2812
7550
7513
2105
2105
2108
7312
7257
7258
7158
4935
1589
1727
4722
4530
4530
1587
5056
1338
5056
1589
1150
1359
6508
6772
6423
6422
7007
7047
6921
6881
6066
6066
6421
6239
6334
6463
6557
6684
6505
6597
6687
6809
6770
6810
6924
7008
6885
7050
7086
7163
7314
7633
7571
7496
7446
1872
7333
7335
7201
7088
7090
6926
6690
6773
6558
6425
6428
6275
6272
6335
6186
6185
5534
5175
5407
5751
5645
5930
5303
5067
4729
4943
5301
4943
5172
5405
5748
5641
5641
5928
6192
6073
6282
835
6655
7127
1014
953
6774
882
6602
6466
6428
6512
6278
6073
6275
6134
6133
5925
6069
6132
939
5746
5921
5745
5530
1004
941
5058
5056
1150
5745
1003
5636
1257
6129
5919
6182
6236
6333
6271
6461
6418
6555
6504
6644
6880
6879
7045
7157
7124
7224
7286
7286
2554
2228
7122
7123
7122
7223
7255
7311
7311
7358
7357
7357
7154
1607
1168
6915
6836
6834
6683
6724
6765
6682
6551
1075
6369
6641
993
932
6230
5985
833
5260
5805
5707
5807
5707
6034
5899
6039
6226
6408
6413
6411
6721
6876
1355
6877
6995
1987
2225
1855
7191
2460
7310
2545
7309
2631
7329
7309
2797
3155
3156
3416
2888
3160
7381
3160
7424
3333
2646
2980
2894
3068
7383
2894
7425
7474
2397
2467
7475
2475
7161
7226
7290
1493
7331
7427
7408
7428
7458
2401
2120
2118
7495
7533
7570
7534
7590
7655
7654
1615
1465
5996
885
5298
5061
4827
1006
4827
942
4630
987
1173
1176
3178
2653
2240
1388
1017
134
1291
1269
226
226
264
305
305
352
409
409
1376
460
1376
1501
1376
1374
1500
1263
729
1314
1314
2725
2235
2651
2649
3084
3606
1366
1261
1363
1220
1056
4441
4343
1961
2276
2065
1582
2065
2063
3221
3270
213
213
2129
247
306
306
357
414
414
486
486
543
637
2365
2996
2408
950
1504
948
542
610
542
484
484
484
2157
412
282
2167
1934
2048
2402
2190
2269
3347
3264
3264
3260
2482
2913
2480
2480
948
1748
2163
2163
481
635
481
1915
484
481
459
459
459
382
304
353
6400
6398
930
1070
4455
4361
4455
4452
4452
4452
4537
4537
4537
4537
4537
4537
5043
5043
5043
5392
5392
5392
5201
5203
4313
4073
3911
2958
3131
3306
3654
4148
3905
4148
3997
3819
3483
3818
3658
3044
3310
3137
2774
2527
2693
2379
2308
4000
4003
4003
4000
4001
3824
3665
3486
3576
3576
3405
2962
3142
2777
2533
2529
2533
2383
1978
2209
2081
1845
1342
1966
1973
7189
7037
7074
7037
6868
1081
6668
1689
1724
2045
2357
2179
1819
1564
1557
1557
1317
1213
1213
4047
3722
1330
1675
1700
1789
1568
1135
977
1049
1317
4750
4461
4368
4044
4047
3722
1128
1415
1415
1561
1556
1553
867
818
1312
1308
475
1301
981
6625
6708
6627
6830
6831
6949
3612
3774
3614
3869
2918
2921
2918
3184
2197
2569
2411
2117
7468
7398
2315
2465
2465
2252
1768
2142
1768
1395
1023
1769
1191
1396
7650
7667
7670
814
683
7609
394
429
458
428
426
559
1028
744
812
746
7604
1028
1367
1625
2117
1999
2117
2320
1064
5178
5412
5412
5842
5842
6077
6194
6379
6468
7367
7170
7264
7170
1016
7054
1082
6469
1078
6473
6003
6288
1389
5413
1977
2080
2553
2635
2250
2547
7133
2608
3827
3821
3456
3135
2960
3667
3143
3318
2794
2705
3055
6848
2539
2217
2088
2782
2531
2613
700
539
485
516
670
951
849
1102
7772
7695
7718
7643
7558
7499
7597
7646
7543
7505
7433
7451
7370
7296
7343
2101
2098
7447
7410
1752
7368
7339
7295
1486
1756
7096
1743
1164
1606
1603
1854
1350
1736
1598
2291
2083
2291
2382
2380
2283
2380
2378
2375
1971
2074
1881
4834
945
7684
1624
550
387
7939
7887
7927
7886
266
266
384
7855
7819
7780
421
7744
326
7652
3134
3271
2923
2692
2827
1388
1388
1388
1388
1388
1388
1629
1629
1388
1388
1388
1388
1388
1388
1388
1388
1388
1388
1388
1388
1388
1388
1388
2052
1041
1556
1690
1685
1550
1550
1924
1550
1799
1532
1548
1545
1543
434
1541
1535
1780
1780
1525
1533
1293
1293
1293
1293
1293
1293
907
907
777
777
689
687
498
2146
2031
1900
107
691
692
866
752
752
752
1207
187
142
30
142
256
500
500
688
778
865
969
1118
1203
1293
1293
1293
1293
1293
1293
1293
1293
1293
1293
1293
1293
1293
1293
1293
1293
1293
1293
1293
1293
1293
1293
1293
1293
1293
520
444
538
943
712
7602
1104
1516
7622
1622
7525
7586
7572
7613
7556
547
7899
732
889
899
7912
7954
1021
7878
1381
7810
7736
7734
7660
1882
7844
7906
2659
3193
2833
7917
7904
7904
7904
7888
7860
7888
7888
7888
7888
7606
7629
7606
270
7860
7860
7860
7860
7860
7860
7860
7860
7860
7860
7860
7860
7860
7860
7860
7860
7860
7860
7860
7860
7860
7860
7860
7860
7860
7860
7860
7860
7860
7860
7860
7860
7860
7860
7860
7860
7860
7860
7860
7860
7824
7824
7823
7824
7824
88
88
105
105
121
121
121
121
105
138
105
138
138
138
138
138
138
138
105
105
105
105
105
105
7
11
43
43
88
105
105
105
105
105
105
105
105
105
105
7749
105
7749
105
105
105
7706
7706
7706
43
43
43
11
11
11
0
0
0
0
7
7
7
7
7
7
7
7
37
7
7
7
7
7
6
7
6
7
6
6
7824
7824
7824
7824
7824
7824
7824
7802
7802
7763
7763
7824
7824
7824
7824
7824
7824
7763
7824
7763
7763
7763
7763
133
7764
7764
7824
7824
7824
7824
183
183
7824
183
7824
183
183
183
183
183
7862
7862
7862
7862
7862
7862
167
167
167
7804
169
167
167
167
167
167
167
167
167
7804
7804
7804
7784
7825
7825
7825
7825
7825
7825
7825
7764
7764
7764
7764
7764
7764
7784
7764
7784
7784
7784
7825
7784
7784
7825
7825
7804
7825
7825
167
167
167
167
7862
167
7862
7862
7825
7825
7825
7825
7825
7825
183
7825
183
183
183
183
183
183
183
183
183
183
183
183
183
7825
7825
7824
7825
7825
7825
7824
7825
7763
7825
7763
7763
7764
7764
7764
7764
7764
7764
7764
7764
7764
80
80
80
80
80
80
80
80
80
80
102
102
102
102
7722
7703
7703
7703
7703
7703
7703
7703
7703
133
7703
133
133
133
133
133
165
133
165
165
165
7802
7823
7802
7824
165
7802
7802
7802
133
7763
7763
7763
133
133
133
133
7722
133
7722
7764
7722
7722
7722
7804
7804
7804
7804
7804
7804
7804
7804
7784
7784
7784
7784
7749
7784
7749
7764
7764
7722
7764
7764
7749
7722
7749
7722
7722
7749
7724
7749
169
7804
7804
7804
7804
7804
7804
7804
7804
7804
7804
7784
7804
7784
105
7784
7784
7784
7749
7749
7749
7749
7749
7749
7749
7749
80
7749
7749
7724
7724
38
38
38
38
7724
7724
7724
7724
7724
7724
7724
185
185
185
7862
7862
185
167
185
167
185
169
169
169
169
169
169
169
169
25
24
24
24
24
24
24
24
24
16
24
16
7566
7566
7566
0
165
164
164
165
164
164
164
164
7703
164
164
164
164
131
80
80
102
102
102
102
102
102
7703
102
7703
7703
7703
7703
7703
131
131
7724
7724
38
7724
7706
7706
7688
7653
11
11
0
0
0
7568
7568
7568
7568
7
7568
7568
7568
7568
7568
7568
7568
7688
7653
7653
7653
7688
7653
7653
0
0
0
0
7822
7800
7800
7781
7823
7860
7860
2233
2471
2114
2473
3524
3078
2914
2564
3773
2721
2908
2473
2905
2648
2232
2647
2126
1458
1963
2128
1221
1579
1577
1575
1711
1941
1702
2326
1430
1423
1418
545
6030
5475
5693
5797
5338
5691
5577
5882
4767
5887
4874
5891
4383
4225
4219
4131
4495
4495
4715
4715
4819
5141
5052
5141
5517
4397
7422
7406
4778
4782
5167
4819
5054
5369
4481
7490
5635
5000
7378
6127
4879
5114
7327
5463
7277
6234
7179
7106
5201
5441
5553
5864
5858
5671
7177
6016
7176
7138
7143
7141
7022
5663
7135
7100
6897
6935
6780
7423
4234
6259
6528
6444
6857
6621
6785
6663
7030
6822
6860
6787
6215
6861
6864
6626
6866
6789
6791
6671
6948
6829
6869
6950
7116
7036
5913
5890
5594
7190
5482
5288
4932
5257
4823
4787
7380
4685
4403
4495
4582
4403
4241
4241
3883
3883
5589
5480
5592
5596
5601
6972
7058
6892
5510
6112
6613
6012
5809
5949
5558
5450
4315
4244
4244
4246
4154
4246
4154
3926
4167
4170
4170
4167
3926
4282
4034
3395
3572
3782
3615
4436
4816
4837
3748
3834
4448
4395
4450
5014
4786
5142
4076
4504
4317
3652
3745
4398
3907
4836
4451
4780
4240
4451
4243
4690
4498
6289
4701
5029
4910
6340
6382
6137
5754
5370
5646
5256
4635
4447
5177
5252
4776
4676
4200
4113
3778
3708
3350
2720
2319
2563
1618
842
884
536
698
534
5521
457
456
457
457
5630
6961
6961
6731
6730
6647
7195
4714
7287
7259
7196
7159
6839
7006
6882
6598
6728
6464
6556
6071
6189
6511
6276
6426
6426
6465
6131
6372
6273
5606
5917
6183
6130
5736
6237
4733
4839
7055
4249
3681
4089
4640
4358
7132
4637
3578
2971
3154
3159
7016
3687
4093
7206
3693
7397
3345
7601
7698
3520
7720
3705
7344
7524
7394
7268
7342
4435
7432
3784
3781
4276
7663
7560
7500
844
5097
5103
2566
5109
2723
3175
4776
4774
5126
4771
4878
4666
4476
4764
4764
4752
4858
5317
349
349
5170
5170
5170
5170
5170
5170
5170
5170
5170
5170
5170
5170
5170
5170
5170
5170
5170
5170
5170
5170
5170
5170
5170
5170
5170
5170
5170
5170
5170
5170
5170
5170
5170
5170
5170
5170
5170
5170
5170
5170
4936
73
50
111
205
205
193
205
260
238
4812
4812
4812
2312
4300
4194
4272
2814
3171
3252
3083
4277
2650
2318
5170
5170
5170
5170
5170
5170
5170
5170
5170
5170
754
911
5455
1917
3111
2674
5584
3724
753
753
755
694
628
628
5559
5559
5559
5559
5559
5559
5559
5559
5559
5559
5559
5559
5210
5075
5559
5559
5559
5559
5559
5559
5559
5559
5559
5559
5559
5559
5559
5559
66
203
64
5443
5326
5559
5559
5555
5559
5559
5559
5559
5559
5559
5559
5559
5559
5559
5559
5559
302
351
407
407
7610
7610
279
291
291
252
224
208
230
7888
183
7862
7862
7862
183
183
183
7968
8037
3365
3004
1890
2493
2018
8051
740
654
2337
2255
7973
7816
7959
7913
7900
2658
2014
7854
7856
1385
955
1509
1033
893
805
439
461
514
3340
3075
2417
2315
2977
2709
2895
2555
2986
2555
2561
2405
2481
2481
2121
7799
7746
7700
7702
1013
7723
768
608
731
613
546
645
491
466
593
418
427
366
360
360
308
308
285
316
274
273
307
307
307
232
232
232
232
232
274
216
216
216
216
216
216
216
216
216
216
216
216
216
216
216
216
216
216
216
216
216
216
216
216
216
216
216
216
216
216
216
216
216
216
216
216
216
7862
7862
7862
7862
7862
216
7862
216
7862
152
152
175
175
76
78
36
36
36
36
36
7531
7531
78
7531
7531
7531
7531
7531
7531
7531
7531
7531
7531
7531
7531
7531
7531
7531
7531
90
90
90
90
89
89
89
6
6
6
6
7
6
37
6
6
6
6
37
37
37
6
37
6
6
6
6
6
37
78
7531
7531
7531
7531
7531
7531
7531
7531
7531
7531
7531
7531
7531
7531
7531
7531
7531
7531
78
7531
7531
7531
6
7531
7531
7531
6
6
6
6
6
6
6
6
6
6
6
267
212
461
408
413
410
410
354
281
354
280
263
263
263
263
267
267
281
267
281
267
355
284
355
358
244
244
244
327
327
280
280
280
244
263
244
211
211
209
209
209
209
7
7
60
60
60
60
60
216
216
216
2677
1921
1422
5957
2160
1546
2677
3019
3205
3288
4212
5800
5969
5962
3729
3551
3021
3024
3212
2591
5852
2040
5852
973
5078
5425
5078
5420
5402
5170
5170
5170
5170
5170
5170
5170
5402
5744
5743
5631
300
239
221
239
194
5541
172
194
5833
5743
34
5527
5170
5170
5170
5170
5170
5170
5170
5170
5170
5170
5170
5170
5170
5123
5598
5704
5706
5813
5967
5981
5981
6115
6452
3779
3776
4033
3960
3769
3437
3608
3431
3901
4230
3596
4191
3954
3944
4181
3950
4189
3950
3863
3602
3699
3605
3770
3523
217
7862
43
88
88
88
88
105
105
7862
7862
7862
7862
217
198
217
198
217
217
217
217
217
217
217
217
217
216
176
176
212
185
176
176
176
176
176
176
185
185
185
185
185
198
198
198
198
198
211
212
211
211
212
212
212
212
212
198
212
198
228
228
267
228
228
284
152
152
152
121
185
185
185
185
185
185
185
176
176
176
176
176
176
176
176
175
169
169
169
175
169
169
152
152
152
152
152
152
121
121
121
121
121
121
121
121
216
216
216
216
216
216
216
216
216
216
7862
7862
7862
7862
7862
7862
216
216
216
216
7862
216
7862
7862
216
216
216
216
37
37
60
60
60
289
290
7529
233
233
251
290
7565
290
7567
7567
251
251
233
7489
7489
7489
7489
186
186
122
7470
7470
7470
150
195
195
206
163
150
113
113
113
289
233
7529
231
168
218
168
139
139
139
250
250
289
231
250
231
168
218
168
139
168
139
162
181
149
119
75
25
25
25
25
25
25
25
24
24
89
89
89
16
52
52
24
24
24
52
24
52
87
86
87
87
119
120
155
182
155
215
231
250
215
215
168
184
155
155
120
120
120
87
87
87
89
89
89
89
89
89
122
122
122
122
90
90
122
90
113
113
122
113
113
113
7470
7470
7470
206
206
206
240
251
195
207
242
279
240
241
241
241
279
1008
862
512
750
594
496
529
5559
5559
5559
5559
5559
5559
5559
5559
5559
5559
5559
5559
5559
5555
5199
5437
5760
5428
5656
5657
5660
693
721
721
5559
5559
5559
5559
5559
5559
5559
5559
5559
6014
6014
5847
296
477
571
570
570
476
340
278
342
170
31
5939
5559
5559
5559
5559
5559
5559
5448
5669
5550
5550
5550
5546
5549
5432
5323
5543
5539
5421
71
5562
5559
5559
5559
5559
5559
5559
5559
5559
5559
5559
5559
5559
5559
5779
15
5846
127
5653
5543
322
5763
5767
5769
571
572
631
723
723
782
723
870
916
5557
660
660
722
722
722
782
820
1047
722
820
820
1044
627
627
693
721
629
629
629
629
754
754
754
5170
5170
5170
5170
5170
5170
5170
5170
4939
5170
5170
5170
5170
5170
5170
5170
5170
5170
5170
5170
5170
5183
5180
5187
258
5191
344
5318
598
597
597
695
695
724
756
756
869
915
823
1048
4877
5228
5583
5478
5478
5882
5696
5356
4058
3640
3474
3214
2754
5098
5098
2042
3214
3025
3471
3803
3637
3983
4221
4380
5477
4873
5250
5226
4660
4652
4374
3635
4048
4857
4211
4552
4748
4547
4583
4547
4864
4557
4552
4371
4467
4049
4130
3980
3982
3378
3728
3467
3213
2424
3022
2038
1212
1682
5188
5189
5189
5316
5193
5193
4348
5358
4442
4442
4532
4724
4829
5752
6074
3433
3256
5357
3704
4030
3962
4532
4351
4533
4446
4829
4728
5065
4728
5931
5644
5841
6001
6135
6378
6378
6135
6605
5414
5152
7228
7085
7228
7260
7126
5060
5062
7010
7091
7232
7093
5285
6930
6969
5414
6817
5511
5513
6604
6815
5612
6927
5718
6814
5719
6653
6467
6560
6375
6373
5929
6281
6193
6190
5064
5838
5299
5749
4627
4942
4826
4825
5057
7616
3967
4281
4031
4279
4631
4388
4480
3083
4229
2820
2318
4565
4628
4553
792
4851
480
4966
480
4961
405
4961
4959
4959
350
350
4843
4958
4958
5189
4958
4956
4956
5078
4955
4952
4952
5182
4950
5170
5170
4767
4994
5578
5348
5231
5582
5961
5964
5966
6156
6311
5983
1216
6027
1137
2362
1706
2362
3031
2684
2949
3559
3386
3642
3891
3897
4314
4135
5119
3940
3940
3691
3847
3939
3933
3691
3933
4502
4431
4412
4591
4590
4326
4591
4418
6497
6322
6169
5818
5607
5145
4791
4413
6052
5906
5614
5280
3488
3493
3829
3835
3840
4008
4084
3846
3928
4091
4261
4332
4334
4603
3934
4175
4019
4180
4420
4425
4682
5015
5044
5391
6237
5047
5287
5623
5915
5910
5912
6124
6368
6550
6725
6835
6460
6270
6419
6419
6726
6646
6727
6646
6727
6837
6919
7001
7003
7082
7046
7156
7155
7156
7256
4714
4518
4429
4520
7767
3453
3450
3768
3439
3529
7725
3780
7636
7658
7657
7554
7462
3522
3079
3432
3349
3601
3598
3246
3855
3941
3518
3430
3594
3601
3764
7569
7612
3958
7515
4353
7480
7460
4346
4525
7171
4926
7293
4622
7336
7337
4629
4353
4718
7430
4440
7362
4529
4527
4524
7478
4108
7493
4347
4026
4025
4342
4187
4185
4267
4020
4015
4266
4266
4423
4810
4607
4808
7121
5279
5045
5156
5725
6640
6638
6501
6498
6329
6327
6173
6170
5724
5988
5504
5609
4918
5042
4804
4796
4800
4595
4794
5031
4247
4588
4152
3820
1059
1452
5362
1228
1340
1584
1972
1726
1968
2072
1475
1248
4807
1165
5393
5289
5515
5515
1465
3485
6369
6179
5993
6266
6177
6060
5727
6053
6057
5721
5273
5034
5382
4793
4506
1451
1469
1834
2092
2369
2214
2435
2701
2275
2611
3910
3136
2602
2866
2864
3130
3401
3571
3929
7285
4387
4886
1218
5470
1461
2381
1830
5002
2371
3123
2601
4772
3037
3744
3573
4671
3812
4306
4147
4233
3995
4581
4236
4492
4242
4402
4686
4405
5026
5600
4501
4904
4698
5602
5028
5374
5496
6038
5896
6162
6165
6494
6364
6545
6409
6058
6677
5989
6802
5397
5730
5395
5615
5036
5271
5160
4813
4418
4512
4601
4335
4172
4172
4013
4015
3691
3939
3939
3940
3694
3940
3855
3860
3516
3855
3862
3762
3948
7860
7860
7860
7860
7860
7860
7860
7860
7860
7860
7860
7860
7860
7860
7860
7860
7860
7860
7860
7860
7860
7860
7860
7860
7860
7860
7860
7860
7860
7860
7860
7860
7860
7860
7860
7860
214
250
214
249
249
7745
7745
225
7781
7781
7800
7800
7800
7822
7822
7822
7860
183
7860
7860
7860
7860
7566
7568
7531
7531
7531
7531
7568
7568
7568
7568
7568
7568
7568
7568
7568
7568
7568
7568
7568
7568
7568
7566
7566
7566
7566
7568
7568
7568
7568
7568
7568
7568
7531
7531
7568
7510
7568
7568
7530
7566
7531
7531
7531
7531
7531
7531
7531
7510
7510
7510
7510
7530
7530
7530
7530
7530
7510
7510
7510
7510
7531
7531
7531
7531
7531
7531
7531
7531
7531
7528
7608
7606
7588
7588
7546
229
7546
214
214
181
336
336
336
335
289
335
335
249
715
903
652
588
447
524
363
7605
314
333
288
288
7629
1297
1297
1124
1293
1293
1293
1293
1293
1293
1293
1293
1293
777
777
1684
1684
777
3786
1140
2741
1214
1901
1201
907
907
1684
2666
1038
1695
1692
1318
1687
1687
1687
1432
1684
1687
1428
1428
1549
1549
751
751
530
596
473
395
292
140
253
140
1528
1528
968
1293
1293
1293
1116
1293
1120
1400
1293
1293
1293
1293
1293
1293
1293
1293
1293
1293
472
563
1918
1797
1797
1293
1293
1293
1293
985
4362
1042
1147
1148
4740
4848
5084
913
5666
5947
6207
6091
5672
5565
5331
4544
917
4646
4204
4364
3972
1217
1052
2584
1909
2343
1787
1433
1203
1125
1125
865
970
867
817
781
780
690
624
1208
1209
1210
2670
3881
980
982
4042
4461
4207
4461
4646
975
4548
871
5331
5570
5787
827
919
6092
6396
930
6448
907
1038
1038
1119
1402
2421
2421
1905
4036
4036
4037
2202
2204
2281
2587
1388
1388
1388
1388
1388
1388
1388
1388
1388
1388
1388
1388
1759
1388
1388
1759
1388
1759
1897
135
1910
41
135
104
213
2133
115
82
2028
197
1507
1507
1507
1416
1388
1388
1388
1388
1388
1388
1388
1388
1388
1388
1388
1388
1388
1388
1298
1387
1182
1388
1388
1388
1388
1388
1388
1387
1035
154
154
1300
246
283
227
329
283
328
328
1378
411
411
1378
409
1388
1388
1388
1388
1388
1388
1388
1388
1388
1388
1388
1632
1661
1200
1529
1287
1391
1388
1388
1632
1632
42
1529
166
137
1786
1534
2129
1878
2009
2009
2127
2009
2008
2008
2008
1669
486
2006
1916
1916
1916
1916
767
1919
1928
2044
2183
2126
2183
1941
2060
2062
3448
3447
2064
4246
4000
4000
4244
4150
5658
1069
6248
6294
6526
6744
6855
7067
7144
5768
6139
6385
1471
6736
6851
2890
2665
2185
3717
3457
1578
1836
1455
1580
1723
1964
1732
1843
2288
2441
2614
3148
2785
2974
1852
2452
2095
2229
6850
1481
7136
7239
4361
4365
2948
3219
3298
3385
3641
3297
4127
3473
3977
3636
4120
4102
3973
3864
4182
3877
3758
3284
4096
3758
3856
4016
3239
3752
3587
3696
2640
3012
2423
2505
7321
7319
1691
7403
1139
1323
7326
1699
3389
3478
4293
4054
3641
3894
3806
3566
3807
3645
3648
3648
3648
4231
4141
3903
3991
3391
3391
2954
2951
2764
2599
2363
6905
7073
7115
7115
7188
2203
7307
2521
2603
7187
7355
7356
7355
1954
2689
2196
2767
3040
3739
3650
3479
3038
2767
2767
2468
2368
2270
2194
2061
1829
1328
7404
7353
7249
7217
1142
1053
7071
6902
6944
6825
6752
6530
837
788
6302
6306
4356
3871
1176
3530
3088
2917
3359
3183
2825
2655
2825
1324
1267
1688
1688
1418
1679
1753
1753
1753
1671
1671
1416
1669
1388
1388
1388
1388
1388
1293
1293
1293
1293
1293
1293
1293
1293
1293
1293
1293
1293
1293
90
90
90
90
90
90
90
25
25
25
25
25
89
89
89
89
89
89
90
90
90
90
90
90
90
90
90
90
90
90
89
89
89
89
89
89
89
89
89
90
89
89
89
89
90
90
25
90
90
90
0
0
0
0
7566
578
636
579
636
4769
4523
3168
4479
4472
2107
4658
4754
999
840
839
5083
4972
4847
574
508
508
508
4963
4960
379
377
5082
4957
4136
4062
4064
3900
4064
4138
4481
7512
4569
4384
4872
4659
4657
5334
4756
5324
5091
5091
4850
4846
4227
4057
4223
4220
4466
4749
4648
4459
4853
4853
4617
4614
4846
4846
4537
4537
4537
4537
4537
4537
4537
4537
5043
5043
5043
5043
5392
5392
5392
5392
5201
5203
5203
5426
301
5426
5425
239
5335
5101
4987
4471
6100
4222
4560
4464
4216
3798
3802
3802
3472
3118
6030
4992
3895
4059
3985
3893
5684
5965
3295
3294
5689
5875
2043
5783
1802
5170
5170
5170
5170
5170
5556
909
5556
753
721
721
5440
5660
5440
5559
5559
5559
5559
5559
5559
5559
5559
5559
5559
5559
5559
5559
5559
5559
5559
5559
216
216
216
216
216
216
216
216
216
216
216
216
216
216
216
183
216
216
183
216
216
216
216
216
216
216
216
216
216
216
216
216
216
216
216
216
216
216
216
121
121
121
78
78
78
78
78
36
76
76
76
462
385
385
360
307
5043
4844
4709
4802
5198
4966
4966
537
5219
1043
3287
3285
2747
232
232
232
121
121
121
121
6
6
37
121
152
121
183
183
216
5170
5170
5170
1259
4624
843
4858
4969
4858
3714
7771
7770
4319
4319
4406
123
123
1
1293
1293
1293
1267
1265
730
3532
1575
3177
7689
7730
7842
3379
3730
4340
4178
2519
4027
1953
1714
1388
1388
1388
1121
1040
908
1202
1283
1405
7530
7530
7530
38
7823
7823
7823
7860
7860
7823
7823
7823
5959
1327
1593
4709
4599
4670
3761
3422
1794
5219
1043
910
5559
5559
5559
5559
5559
284
268
228
216
216
216
216
216
217
217
217
5366
5003
5239
4997
4877
4998
216
216
216
217
217
217
169
169
169
272
273
315
910
5325
5325
5459
5212
974
6630
6630
6628
6656
4511
6518
5884
4983
4464
6236
6179
6063
7860
7860
7860
7824
7860
7860
38
38
38
7930
7930
7941
4253
4515
4419
3552
3549
5560
7786
3092
7750
4357
4116
1224
1388
1388
1388
1388
1388
5170
5170
5170
7722
7722
7722
133
7722
7722
7703
169
169
169
169
169
169
169
36
36
36
36
7531
7531
7531
7531
7531
7531
7531
7531
7531
7531
7531
7531
7531
7531
7531
7531
25
25
25
25
25
25
36
36
36
25
25
36
36
36
36
36
25
25
25
25
25
25
90
90
90
25
90
90
90
25
90
25
90
36
36
36
25
25
25
25
25
25
25
25
25
36
36
36
25
25
25
169
138
138
138
138
138
138
138
138
138
138
138
121
7722
7722
7722
7722
80
80
80
80
80
80
80
80
80
169
169
169
169
169
169
185
185
185
133
133
133
133
133
133
133
133
133
2157
1293
1293
1293
1293
1293
1293
1293
1293
1293
1293
1293
1293
1293
1293
1293
1293
1293
1293
1293
1293
1293
1293
1293
1293
1293
1293
1293
1293
1293
1293
1293
1293
1293
1293
1293
1293
1293
1293
1293
1293
1293
1293
1293
1293
1293
1293
1293
1293
1293
1293
1293
1293
1293
1293
1293
1293
1293
1293
1293
1293
1293
1293
1293
1293
1293
1293
1293
1293
1293
1293
1293
1293
1293
1293
1293
1293
1293
1293
1293
1293
1293
1293
1293
1293
1293
1293
1293
1293
1293
1293
1293
1293
1293
1293
1293
1293
1293
1293
1293
1293
1293
1293
1388
1388
1388
1388
1388
1388
1388
1388
1388
1388
1388
1388
1388
1388
1388
1388
1388
1388
1388
1388
1388
1388
1388
1388
1388
1388
1388
1388
1388
1388
1388
1388
1388
1388
1388
1388
1388
1388
1388
1388
1388
1388
1388
1388
1388
1388
1388
1388
1388
1388
1388
1388
1388
1388
1388
1388
1388
1388
1388
1388
1388
1388
1388
1388
1388
1388
1388
1388
1388
1388
1388
1388
1388
1388
1388
1388
1388
1388
1388
1388
1388
1388
1388
1388
1388
1388
1388
1388
1388
1388
1388
1388
1388
1388
1388
5559
5559
5559
5559
5559
5559
5559
5559
5559
5559
5559
5559
5559
5559
5559
5559
5559
5559
5559
5559
5559
5559
5559
5559
5559
5559
5559
5559
5559
5559
5559
5559
5559
5559
5559
5559
5559
5559
5559
5559
5559
5559
5559
5559
5559
5559
5559
5559
5559
5559
5559
5559
5559
5559
5559
5559
5559
5559
5559
5559
5559
5559
5559
5559
5559
5559
5559
5559
5559
5559
5559
5559
5559
5559
5559
5559
5559
5559
5559
5559
5559
5559
5559
5559
5559
5559
5559
5559
5559
5559
5559
5559
5559
5559
5559
5559
5559
5559
5559
5559
5170
5170
5170
5170
5170
5170
5170
5170
5170
5170
5170
5170
5170
5170
5170
5170
5170
5170
5170
5170
5170
5170
5170
5170
5170
5170
5170
5170
5170
5170
5170
5170
5170
5170
5170
5170
5170
5170
5170
5170
5170
5170
5170
5170
5170
5170
5170
5170
5170
5170
5170
5170
5170
5170
5170
5170
5170
5170
5170
5170
5170
5170
5170
5170
5170
5170
5170
5170
5170
5170
5170
5170
5170
5170
5170
5170
5170
5170
5170
5170
5170
5170
5170
5170
5170
5170
5170
5170
5170
5170
5170
5170
5170
5170
5170
5170
5170
5170
5170
5170
5170
5170
5170
1293
1293
1293
1293
1293
1293
1293
1388
1388
1388
1388
1388
1388
1388
1388
1388
1388
1388
1388
1388
1388
5559
5559
5559
5559
5559
5559
5559
5559
5559
5170
5170
5170
5170
5170
5170
152
138
121
121
185
169
169
169
169
169
169
138
138
80
7724
133
133
133
7722
133
7722
80
80
1388
130
7608
167
171
222
216
4163
6643
6887
6693
7013
1338
4938
5056
1359
5529
1171
6238
6558
6278
5927
5534
5928
6280
6601
6885
6813
6462
6767
7004
7084
7160
6923
6768
6505
6600
6335
6272
6186
6067
5923
796
4944
6698
6977
7101
7103
5855
7241
5118
7490
4773
5827
5879
7441
5525
5742
6097
7247
5460
6580
6792
6988
6867
7111
6904
6942
6667
6701
6397
5873
6479
6022
5559
4758
4218
4132
3639
4231
4228
4665
4867
5324
4470
4984
4850
90
89
89
89
1293
1388
2917
7304
936
6786
1916
1284
1287
1273
1388
1388
42
41
1388
1388
1388
1951
1962
1231
4848
5094
4364
4747
4364
3201
1293
1687
1684
1547
292
26
1293
1293
7510
7531
7531
7568
7531
7531
7531
7860
7860
7860
7860
7860
7860
5162
7445
7387
7477
3855
3862
7573
7535
3955
3599
3698
7589
7690
4331
4265
4710
5620
6178
6417
5990
5276
4598
3677
4415
3913
4692
4503
5267
5266
5148
5898
5820
6260
6325
4881
3480
3484
2766
5351
4889
1719
1454
2274
4149
3048
3042
6113
5794
5345
4956
7752
5081
4681
4221
4214
4130
3728
3556
4568
4380
3637
2754
2507
5170
754
5559
191
5767
631
5669
629
504
454
5945
5559
693
693
568
189
5559
5559
5779
5559
170
240
163
113
7470
251
240
336
251
233
186
216
216
216
216
121
121
152
152
169
169
176
185
7862
7862
3699
3767
6157
5170
5170
5402
5402
4950
5078
5188
660
629
722
5957
3553
2350
1047
973
723
4128
912
2348
2677
5962
267
244
209
196
175
175
209
176
211
212
212
211
263
244
176
185
185
212
198
212
228
267
284
281
354
6
6
78
7531
7531
7531
7531
7531
7531
7531
6
6
6
6
89
7531
7531
36
216
216
216
216
216
216
216
216
216
216
216
216
302
408
351
244
5559
5559
5559
5559
5559
5559
5559
5559
5559
5559
5559
5559
5559
5559
5559
5559
2846
721
911
754
5170
5170
2477
3440
3431
2715
193
171
4936
5170
5170
5170
5170
5170
5170
5316
4476
4668
4871
2983
3517
274
285
307
2573
7918
7999
8021
317
562
308
672
462
816
762
7783
2816
7743
3258
7817
3865
4107
7435
7269
6918
5507
6637
6718
5826
5161
5729
5281
6997
4921
7082
7156
7259
7005
6730
6371
6072
4724
4350
5220
2992
3525
3708
5007
4450
4777
4830
5152
6138
4329
6081
4696
4497
4451
4075
3234
4158
3931
4639
7095
7294
4616
4345
4196
4235
4199
4533
5643
6277
6509
6769
7048
5718
6196
4633
5488
5839
6135
6241
6513
6559
6845
6840
7166
7085
7332
7330
4190
3941
4015
3691
3929
4246
6934
6107
5786
5796
5290
7405
5137
4582
4582
7443
4787
4495
4315
5468
5888
5792
3735
5880
4874
2326
1679
1943
2242
1751
1923
2718
7653
7568
7653
7703
165
165
164
7703
0
7724
6
6
7568
7
7
7
7
7
11
43
7706
105
7706
43
11
60
7
7
169
88
105
7825
7862
7825
7825
7825
7825
7763
7824
216
183
183
183
183
7825
183
7825
7824
7825
7825
7763
7764
80
7749
7749
7764
7749
7722
7722
7722
7722
7764
133
133
7763
7764
7764
7764
7764
7764
7825
7784
7784
7749
7804
7804
7862
183
216
7862
7862
7862
7862
7862
167
7862
7862
185
185
167
167
167
167
167
167
7804
7804
7804
7784
7804
7784
105
7784
105
105
105
7749
7724
7724
7860
7860
7860
7860
7860
7860
271
7606
216
1293
1293
1293
1293
1293
1407
970
817
865
564
256
624
1522
1666
1293
1293
1388
1388
2012
1388
1388
381
7666
760
7622
2076
2957
3402
1457
1758
2382
2613
2870
706
666
7881
7742
7758
7641
7683
7502
7340
1760
1754
1358
5410
5840
5844
6286
6199
1247
1980
2387
3321
1856
2456
2883
810
1498
1769
2415
2142
2645
2143
2247
7411
2020
7600
1831
2727
1303
1307
1308
818
817
1125
1553
1439
1131
4209
4750
5457
1561
1311
1450
4044
1453
1133
1321
3562
4061
4054
2069
6533
6828
6983
7074
7186
1613
1448
1948
3899
3645
3900
3648
2468
2954
2600
3126
3385
3638
4550
4617
2079
7401
7303
1793
7021
784
6147
5859
6347
832
6614
1349
1476
2085
2543
3163
3108
3463
2506
1567
1942
2761
2856
3473
3880
4206
4287
4537
4537
5043
5392
5392
6026
1054
1623
2913
2478
1919
412
484
484
577
667
1750
2265
2995
2325
3614
3872
3398
1961
2233
2233
5532
5063
5061
4725
1057
4109
4032
3178
3265
2238
411
264
1269
1018
1359
3430
3246
3432
2817
3826
4001
3920
3830
3410
3830
3224
3489
2963
2777
2287
4313
4150
4000
4144
3997
3811
3816
3303
2863
3822
3312
3307
2693
2691
2284
7251
7118
2969
2786
2385
1346
6710
7494
7532
7492
3068
7632
7538
7514
2125
6377
935
6692
7094
6966
7263
7262
1872
7363
7457
7360
7426
1864
2646
7257
7358
7193
7255
2306
1605
6639
6719
6917
1252
6549
6269
2231
1842
5914
6232
6262
6258
2815
3611
3618
3085
3348
3250
3071
2712
2449
3149
3507
3925
3586
3165
3063
2710
2636
2548
1994
5049
1354
5726
4799
5501
4693
5604
5019
5976
1067
875
6315
6318
6631
6761
1467
6994
2216
2302
2626
2631
7310
7381
3241
3430
2884
2800
3333
3512
4186
4182
4537
4537
5043
5392
5392
5392
5392
5043
4537
4096
4537
4537
4537
4537
5043
5043
5392
5392
5392
5201
545
1416
460
579
578
2011
1878
1538
1671
1416
2058
1444
1437
2048
1915
481
353
1507
411
486
2006
414
2008
247
1910
178
178
245
245
262
1675
3721
2067
3373
1800
2073
2171
3216
2510
2694
3308
2945
2513
2514
1821
3374
2776
4644
4038
3120
3290
1388
1388
1388
1388
1388
1388
1388
1388
1388
1388
1388
21
177
1410
352
1414
1790
1501
1670
1499
1796
1388
1388
1388
1388
1388
1388
1388
1388
304
1665
1660
1873
1875
1656
1179
2010
1388
1388
1388
1388
1388
1388
1388
1388
1813
1685
1924
752
1795
1535
1293
1896
1913
625
752
1292
907
866
779
1797
777
777
907
1695
1038
1438
3277
971
969
2257
1436
3460
3460
986
1333
1293
1293
1293
1293
1293
1293
1293
1293
1293
1293
1401
1293
1293
1293
1293
1902
28
294
200
623
689
779
1293
1293
1293
1293
1293
1293
4037
4540
2377
2698
3673
2964
3412
168
184
90
89
90
90
90
90
7549
163
113
122
90
89
122
120
90
25
89
89
89
87
139
87
120
120
184
155
214
7529
186
7489
218
231
249
249
250
215
199
7701
225
7761
7761
199
199
133
7763
80
80
80
102
7703
7703
133
133
165
7802
131
7824
7823
165
165
164
164
164
7687
131
180
7608
7687
7669
7669
223
7824
7824
7903
415
7886
7822
7859
7860
7824
7860
7860
7860
7860
7860
7860
7860
7860
7860
7860
7860
7860
7860
7824
7824
7824
7824
7824
80
56
80
102
102
7703
7703
7703
7703
164
164
165
133
165
165
7802
24
24
7531
7510
7531
7531
7531
7531
7531
7531
7510
248
225
0
7568
7568
24
24
24
25
25
25
25
25
25
102
56
80
80
7724
7688
38
7688
38
56
56
23
0
23
55
7566
7568
7568
7568
7566
6
7568
7568
7568
7568
7568
7566
7566
7566
19
19
7530
7510
7510
24
16
52
86
5
7547
7547
7530
16
7510
149
7528
7488
99
54
100
18
100
25
25
25
25
25
24
24
445
313
7629
7745
7781
310
265
7781
7822
7860
7860
7860
7860
7860
7860
7860
7860
7860
7860
7860
7822
7823
7823
2826
2730
2378
2201
6332
6683
6683
3838
4173
6309
1292
3539
3970
1054
6486
6581
6756
6756
6906
1298
246
1536
283
3104
3541
1781
3279
4995
4225
4469
3979
4129
3984
6085
4339
4518
4266
4610
4262
7222
7285
6989
7220
3994
3815
4488
4584
4896
4687
5364
5261
6032
5812
6359
6319
6714
6172
6951
7041
5490
5286
4789
4906
4615
4797
4591
4167
4167
3920
4416
4078
128
172
533
698
4870
2111
1489
1869
2901
2907
3600
3604
4348
4439
5403
4274
4341
4930
4620
4613
4189
3943
4184
4019
4526
5133
6187
5640
5297
5057
4012
3590
4021
3699
3428
4300
4272
4561
1490
661
632
508
509
437
402
299
4934
4939
3245
3328
3844
3844
3690
3416
3588
3691
3694
3753
5201
5392
5202
5043
4537
4537
5201
4537
7059
4537
4537
4537
4537
5043
5043
5392
5392
5392
5392
5203
4865
5321
457
5198
5193
4966
4959
5654
301
403
5630
4643
479
480
404
405
348
4843
5170
5170
5170
5170
5170
4950
5170
5170
5170
5170
5170
5170
5170
5170
5170
5170
5170
5170
323
4924
4954
4936
5170
5170
5170
5170
5170
5170
5170
5170
5527
5168
146
5077
192
5311
5516
5312
378
4960
532
662
4963
662
5170
5170
5170
5170
5563
5559
5559
5559
5559
5559
5559
5559
5650
5660
5556
5440
5440
158
972
756
694
659
505
569
5319
5184
5559
5559
5559
5882
4382
5586
5235
3030
1132
824
824
630
5549
5318
5431
5539
5187
5562
204
5326
5210
5559
5559
5559
5559
5559
4151
4213
5554
4547
4890
5574
5229
3882
3546
5008
4123
4900
6141
5093
6433
6436
4806
78
90
90
7860
183
7860
7888
183
183
8012
8022
386
8038
1027
7907
734
1181
1186
2245
2497
8016
216
216
216
216
216
216
216
198
185
185
176
185
176
176
176
176
175
175
152
152
152
121
36
36
36
90
90
90
90
90
90
90
90
90
90
90
90
90
78
7531
7531
7531
7531
7531
7531
90
78
78
36
78
78
76
76
98
76
90
90
90
76
208
242
195
150
151
132
79
91
174
152
152
60
7804
7804
138
138
105
121
105
105
60
60
81
81
121
81
121
91
121
7707
103
132
103
79
37
78
76
76
98
114
37
37
37
37
37
7
268
358
355
413
76
90
90
251
279
685
2418
2119
1397
1999
7628
7626
1028
886
557
314
619
336
7565
7567
394
7609
439
408
216
216
216
216
216
216
216
216
216
216
4576
4033
4395
3964
5487
6068
5736
4901
5736
6420
6420
6556
6685
4264
4605
4605
4605
4962
5694
5878
6312
6110
6453
128
5631
5541
5425
5170
5170
1388
1388
1388
988
5854
6519
4515
7916
7904
80
7860
7860
7824
7860
6063
1255
6418
4650
4210
5948
6475
6452
6540
6758
5451
5678
5464
753
315
7963
230
169
138
217
217
216
4998
4663
5598
5244
4999
216
217
217
216
216
216
216
228
284
5559
5559
5559
755
1212
3425
4482
3945
6434
4515
4709
1976
1347
5959
7860
7824
7860
7860
7860
7823
7823
7823
38
38
7510
7530
7566
1399
1301
1036
908
908
1123
1388
1388
1388
1949
1496
4106
2550
4024
4612
3886
3733
3554
2828
7754
3080
7710
3179
3091
1332
3965
729
764
2240
1293
1293
968
29
1206
4406
4246
7328
7680
7892
7880
699
4723
4851
535
1621
1258
5170
5527
5170
216
183
183
152
121
121
37
6
6
121
121
121
232
217
232
2942
3726
5332
1043
5112
169
169
138
133
7722
7722
36
7531
7531
7531
7531
7531
7531
7531
25
25
25
25
25
25
25
25
90
25
90
25
90
90
36
25
25
25
25
25
133
185
169
80
80
80
138
138
